%% This BibTeX bibliography file was created using BibDesk.
%% http://bibdesk.sourceforge.net/


%% Created for Lan Jiang at 2014-10-20 23:11:38 -0500 


%% Saved with string encoding Unicode (UTF-8) 



@article{wilson27,
	Author = {Edwin B. Wilson},
	Date-Added = {2014-10-21 04:09:31 +0000},
	Date-Modified = {2014-10-21 04:11:35 +0000},
	Journal = {Journal of the American Statistical Association},
	Number = {158},
	Pages = {209-212},
	Title = {Probable inference, the law of succession, and statistical inference},
	Volume = {22},
	Year = {1927}}

@misc{HicJim16a,
	Author = {F. J. Hickernell and {\relax Ll}. A. {Jim\'enez Rugama}},
	Date-Added = {2014-10-18 18:11:44 +0000},
	Date-Modified = {2014-10-18 18:15:15 +0000},
	Note = {submitted for publication},
	Pubtype = sub,
	Title = {Reliable Adaptive Cubature Using Digital Sequences},
	Year = {2014}}

@misc{JimHic16a,
	Author = {{\relax Ll}. A. {Jim\'enez Rugama} and F. J. Hickernell},
	Date-Added = {2014-10-18 18:11:44 +0000},
	Date-Modified = {2014-10-18 18:15:26 +0000},
	Note = {in preparation},
	Pubtype = prep,
	Title = {Adaptive Multidimensional Integration Based on Rank-1 Lattices},
	Year = {2014}}

@article{crow56,
	Author = {Crow, E.L.},
	Date-Added = {2014-09-11 20:45:37 +0000},
	Date-Modified = {2014-09-11 20:47:07 +0000},
	Journal = {Biometrika},
	Title = {Confidence intervals for a proportion},
	Year = {1956}}

@article{sterne54,
	Author = {Sterne, T. E},
	Date-Added = {2014-09-11 20:45:01 +0000},
	Date-Modified = {2014-09-11 20:45:35 +0000},
	Journal = {Biometrika},
	Title = {Some remarks on confidence or fiducial limits},
	Year = {1954}}

@article{BS83,
	Author = {Colin R. Blyth and Harold A. Still},
	Date-Added = {2014-09-11 19:56:16 +0000},
	Date-Modified = {2014-09-11 19:57:15 +0000},
	Journal = {Journal of the American Statistical Association},
	Number = {381},
	Pages = {108-116},
	Title = {Binomial Confidence Intervals},
	Volume = {78},
	Year = {1983}}

@article{Blaker00,
	Author = {Helge Blaker},
	Date-Added = {2014-09-11 19:53:00 +0000},
	Date-Modified = {2014-09-11 19:54:41 +0000},
	Journal = {The Canadian Journal of Statistics},
	Number = {4},
	Pages = {783-798},
	Title = {Confidence curves and improved exact confidence intervals for discrete distributions},
	Volume = {28},
	Year = {2000}}

@article{Chernoff52,
	Author = {Herman Chernoff},
	Date-Added = {2014-09-11 19:14:09 +0000},
	Date-Modified = {2014-09-11 19:15:39 +0000},
	Journal = {The Annals of Mathematical Statistics},
	Number = {4},
	Pages = {493-507},
	Title = {A Measure of Asymptotic Efficiency for Tests of a Hypothesis Based on the sum of Observations},
	Volume = {23},
	Year = {1952}}

@book{JP04,
	Author = {Jean Jacod and Philip Protter},
	Date-Added = {2014-09-11 05:37:36 +0000},
	Date-Modified = {2014-09-11 05:41:16 +0000},
	Publisher = {Springer},
	Title = {Probablityy Essentials},
	Year = {2004}}

@manual{NAG12,
	Address = {Oxford, United Kingdom},
	Date-Added = {2014-09-09 21:23:24 +0000},
	Date-Modified = {2014-09-10 03:51:51 +0000},
	Title = {The Numerical Algorithms Group(NAG), The NAG Library}}

@misc{Chebfun14,
	Author = {Driscoll, T. A and Hale, N. and Trefethen, L. N.},
	Date-Modified = {2014-09-10 03:37:25 +0000},
	Publisher = {Pafnuty Publications},
	Title = {Chebfun Guide},
	Url = {http://www.chebfun.org/docs/guide/},
	Year = {2014},
	Bdsk-Url-1 = {http://www.chebfun.org/docs/guide/}}

@article{CDHHZ13,
	Author = {N. Clancy and Y. Ding and C. Hamilton and F. J. Hickernell and Y. Zhang},
	Date-Added = {2014-09-09 19:24:24 +0000},
	Date-Modified = {2014-09-10 03:46:24 +0000},
	Journal = {journal of complexity},
	Pages = {21-45},
	Title = {The cost of deterministic, adaptive, automatic algorithms: Cones, not balls},
	Year = {2013}}

@article{Hall88,
	Author = {Peter Hall},
	Date-Added = {2014-09-09 05:30:52 +0000},
	Date-Modified = {2014-09-09 05:32:40 +0000},
	Journal = {The annuals of statistics},
	Number = {3},
	Pages = {927-953},
	Title = {Theoretical comparison of Bootstrap Confidence Intervals},
	Volume = {16},
	Year = {1988}}

@article{CP34,
	Author = {Clopper, C. J. and E. S. Pearson},
	Date-Added = {2014-09-09 04:48:00 +0000},
	Date-Modified = {2014-09-09 04:52:55 +0000},
	Journal = {Biometrika},
	Title = {The use of confidence or fiducial limits illustrated in the case of the binomial},
	Year = {1934}}

@book{Agresti02,
	Author = {Alan Agresti},
	Date-Added = {2014-09-05 04:18:31 +0000},
	Date-Modified = {2014-09-09 21:15:48 +0000},
	Publisher = {wiley-interscience},
	Title = {Categorical Data Analysis},
	Year = {2002}}

@article{HJLO12,
	Author = {F. J. Hickernell and L. Jiang and Y. Liu and A. B. Owen},
	Date-Added = {2014-08-04 22:05:11 +0000},
	Date-Modified = {2014-09-10 03:44:31 +0000},
	Journal = {Monte Carlo and Quasi Monte Carlo Methods 2012},
	Pages = {105-128},
	Publisher = {Springer-Verlag, Berlin},
	Title = {Guaranteed conservative fixed width confidence intervals via Monte Carlo sampling},
	Year = {2014}}

@book{LB10,
	Author = {Zhengyan Lin and Zhidong Bai},
	Date-Added = {2014-07-18 21:57:17 +0000},
	Date-Modified = {2014-09-09 21:23:02 +0000},
	Publisher = {Springer},
	Title = {Probability Inequalities},
	Year = {2010}}

@article{H63,
	Author = {Wassily Hoeffding},
	Date-Added = {2014-07-18 21:55:11 +0000},
	Date-Modified = {2014-09-09 21:22:26 +0000},
	Journal = {Journal of the American Statistical Association},
	Month = {Mar},
	Number = {301},
	Pages = {13-30},
	Rating = {5},
	Read = {0},
	Title = {Probability Inequalities for Sums of Bounded Random Variables},
	Volume = {58},
	Year = {1963}}

@article{Frechet35,
	Author = {Maurice Fr{\'e}chet},
	Date-Added = {2014-06-05 20:57:50 +0000},
	Date-Modified = {2014-09-09 21:21:48 +0000},
	Journal = {Fundamenta Mathematicae},
	Number = {1},
	Pages = {379-387},
	Rating = {5},
	Title = {G{\'e}n{\'e}ralisation du th{\'e}or{\`e}me des probabilit{\'e}s totales},
	Volume = {25},
	Year = {1935}}

@book{MATLAB14,
	Address = {Natick, Massachusetts},
	Author = {MATLAB},
	Date-Modified = {2014-09-10 03:50:10 +0000},
	Publisher = {The MathWorks Inc.},
	Title = {version 8.3.0 (R2014a)},
	Year = {2014}}

@misc{GAIL_1_3,
	Author = {Choi, Sou-Cheng T. and Ding, Yuhan and Hickernell, Fred J. and Jiang, Lan and Zhang, Yizhi},
	Title = {{GAIL: Guaranteed Automatic Integration Library (Version 1.3), MATLAB Software}},
	Url = {http://code.google.com/p/gail/},
	Year = {2014},
	Bdsk-Url-1 = {http://code.google.com/p/gail/}}
